@misc{JASON, 
author={Damien},
title={JASON},
note={\url{https://github.com/delba/JASON}, 20.02.2017},
year={2017}}

@misc{SnapKit, 
author={Payne, Robert},
title={SnapKit},
note={\url{https://github.com/SnapKit/SnapKit}, 20.02.2017},
year={2017}}

@misc{XCGLogger, 
author={Wood, Dave},
title={XCGLogger},
note={\url{https://github.com/DaveWoodCom/XCGLogger}, 20.02.2017},
year={2017}}

@misc{PINRemoteImage, 
author={Pinterest},
title={PINRemoteImage},
note={\url{https://github.com/pinterest/PINRemoteImage}, 20.02.2017},
year={2017}}

@misc{IntroducingAsyncDisplayKit,
author={Facebook},
title={Introducing AsyncDisplayKit},
note={\url{https://code.facebook.com/posts/721586784561674/introducing-asyncdisplaykit-for-smooth-and-responsive-apps-on-ios/}, 23.02.2017},
year={2017}}

@book{NielsenUsabilityEngineering,
author={Nielsen, Jakob},
year={1993},
title={Usability Engineering},
publisher={AP Professional},
chapter={5}}

@misc{AppSpeedStudyHP,
author={Dimensional Research},
howpublished={Online},
title={Failing to Meet Mobile App User Expectations: A Mobile User Survey},
year={2015}}

@misc{AppSpeedStudyApigee,
author={Apigee},
howpublished={Online},
title={Apigee Survey: Users Reveal Top Frustrations That Lead to Bad Mobile App Reviews},
note={\url{https://apigee.com/about/press-release/apigee-survey-users-reveal-top-frustrations-lead-bad-mobile-app-reviews}, 23.02.2017},
year={2012}}

@misc{FLAnimatedImageView,
author={Flipboard},
title={FLAnimatedImageView},
note={\url{https://github.com/Flipboard/FLAnimatedImage}, 23.02.2017},
year={2017}}
